@book{sugden2004economics,
  title={The economics of rights, co-operation and welfare},
  author={Sugden, Robert and others},
  year={2004},
  publisher={Springer}
}

@inproceedings{skyrms2001stag,
  title={The stag hunt},
  author={Skyrms, Brian},
  booktitle={Proceedings and Addresses of the American Philosophical Association},
  volume={75},
  number={2},
  pages={31--41},
  year={2001},
  organization={JSTOR}
}

@article{imhof2010stochastic,
  title={Stochastic evolutionary dynamics of direct reciprocity},
  author={Imhof, Lorens A and Nowak, Martin A},
  journal={Proceedings of the Royal Society B: Biological Sciences},
  volume={277},
  number={1680},
  pages={463--468},
  year={2010},
  publisher={The Royal Society}
}

@article{nowak2004emergence,
  title={Emergence of cooperation and evolutionary stability in finite populations},
  author={Nowak, Martin A and Sasaki, Akira and Taylor, Christine and Fudenberg, Drew},
  journal={Nature},
  volume={428},
  number={6983},
  pages={646--650},
  year={2004},
  publisher={Nature Publishing Group}
}

@article{Roca2006,
  title = {Time Scales in Evolutionary Dynamics},
  author = {Roca, Carlos P. and Cuesta, Jos\'e A. and S\'anchez, Angel},
  journal = {Phys. Rev. Lett.},
  volume = {97},
  issue = {15},
  pages = {158701},
  year = {2006},
  month = {Oct},
  publisher = {American Physical Society},
  doi = {10.1103/PhysRevLett.97.158701},
}

@article{Traulsen2007,
  title={Pairwise comparison and selection temperature in evolutionary game dynamics},
  author={Traulsen, Arne and Pacheco, Jorge M and Nowak, Martin A},
  journal={Journal of theoretical biology},
  volume={246},
  number={3},
  pages={522--529},
  year={2007},
  publisher={Elsevier}
}

@article{Baek2016,
  title={Comparing reactive and memory-one strategies of direct reciprocity},
  author={Baek, Seung Ki and Jeong, Hyeong-Chai and Hilbe, Christian and Nowak, Martin A},
  journal={Scientific reports},
  volume={6},
  number={1},
  pages={1--13},
  year={2016},
  publisher={Nature Publishing Group}
}

@article{Ye2017,
  title={Memory-based prisoner’s dilemma game with conditional selection on networks},
  author={Ye, Wenxing and Feng, Weiying and L{\"u}, Chen and Fan, Suohai},
  journal={Applied Mathematics and Computation},
  volume={307},
  pages={31--37},
  year={2017},
  publisher={Elsevier}
}

@article{Wu2015,
  title={Fitness-based models and pairwise comparison models of evolutionary games are typically different—even in unstructured populations},
  author={Wu, Bin and Bauer, Benedikt and Galla, Tobias and Traulsen, Arne},
  journal={New Journal of Physics},
  volume={17},
  number={2},
  pages={023043},
  year={2015},
  publisher={IOP Publishing}
}

@article{Licht1999,
  title={Games commissions play: 2x2 games of international securities regulation},
  author={Licht, Amir N},
  journal={Yale J. Int'l L.},
  volume={24},
  pages={61},
  year={1999},
  publisher={HeinOnline}
}