%%%%%%%%%%%%%%%Introduction%%%%%%%%%%%%%%%
@book{smith1982evolution,
  title={Evolution and the Theory of Games},
  author={Smith, John Maynard},
  year={1982},
  publisher={Cambridge university press}
}

@book{hofbauer1998evolutionary,
  title={Evolutionary games and population dynamics},
  author={Hofbauer, Josef and Sigmund, Karl and others},
  year={1998},
  publisher={Cambridge university press}
}

@article{nowak2004evolutionary,
  title={Evolutionary dynamics of biological games},
  author={Nowak, Martin A and Sigmund, Karl},
  journal={science},
  volume={303},
  number={5659},
  pages={793--799},
  year={2004},
  publisher={American Association for the Advancement of Science}
}

@article{hauert2005game,
  title={Game theory and physics},
  author={Hauert, Christoph and Szab{\'o}, Gy{\"o}rgy},
  journal={American Journal of Physics},
  volume={73},
  number={5},
  pages={405--414},
  year={2005},
  publisher={American Association of Physics Teachers}
}


@article{trivers1971evolution,
  title={The evolution of reciprocal altruism},
  author={Trivers, Robert L},
  journal={The Quarterly review of biology},
  volume={46},
  number={1},
  pages={35--57},
  year={1971},
  publisher={Stony Brook Foundation, Inc.}
}

@article{axelrod1981evolution,
  title={The evolution of cooperation},
  author={Axelrod, Robert and Hamilton, William Donald},
  journal={science},
  volume={211},
  number={4489},
  pages={1390--1396},
  year={1981},
  publisher={American Association for the Advancement of Science}
}

@article{glynatsi:HSSC:2021,
  title={A bibliometric study of research topics, collaboration, and centrality in the iterated prisoner’s dilemma},
  author={Glynatsi, Nikoleta E and Knight, Vincent A},
  journal={Humanities and Social Sciences Communications},
  volume={8},
  number={1},
  pages={1--12},
  year={2021},
  publisher={Palgrave}
}

@article{ohtsuki:Nature:2006,
  title={A simple rule for the evolution of cooperation on graphs and social networks},
  author={Ohtsuki, Hisashi and Hauert, Christoph and Lieberman, Erez and Nowak, Martin A},
  journal={Nature},
  volume={441},
  number={7092},
  pages={502--505},
  year={2006},
  publisher={Nature Publishing Group}
}

@article{axelrod1981evolution,
  title={The evolution of cooperation},
  author={Axelrod, Robert and Hamilton, William Donald},
  journal={science},
  volume={211},
  number={4489},
  pages={1390--1396},
  year={1981},
  publisher={American Association for the Advancement of Science}
}

@article{nowak1992evolutionary,
  title={Evolutionary games and spatial chaos},
  author={Nowak, Martin A and May, Robert M},
  journal={Nature},
  volume={359},
  number={6398},
  pages={826--829},
  year={1992},
  publisher={Nature Publishing Group}
}

@book{sigmund2010calculus,
	author = {Sigmund, Karl},
	publisher = {Princeton University Press},
	title = {The calculus of selfishness},
	year = {2010}}

@article{cressman2014replicator,
  title={The replicator equation and other game dynamics},
  author={Cressman, Ross and Tao, Yi},
  journal={Proceedings of the National Academy of Sciences},
  volume={111},
  number={Supplement 3},
  pages={10810--10817},
  year={2014},
  publisher={National Acad Sciences}
}

%%%%%%%%%%%%%%%%%%%%%%%%%%%%%%


@book{sugden2004economics,
  title={The economics of rights, co-operation and welfare},
  author={Sugden, Robert and others},
  year={2004},
  publisher={Springer}
}

@inproceedings{skyrms2001stag,
  title={The stag hunt},
  author={Skyrms, Brian},
  booktitle={Proceedings and Addresses of the American Philosophical Association},
  volume={75},
  number={2},
  pages={31--41},
  year={2001},
  organization={JSTOR}
}

@article{imhof2010stochastic,
  title={Stochastic evolutionary dynamics of direct reciprocity},
  author={Imhof, Lorens A and Nowak, Martin A},
  journal={Proceedings of the Royal Society B: Biological Sciences},
  volume={277},
  number={1680},
  pages={463--468},
  year={2010},
  publisher={The Royal Society}
}

@article{nowak:Nature:2004,
  title={Emergence of cooperation and evolutionary stability in finite populations},
  author={Nowak, Martin A and Sasaki, Akira and Taylor, Christine and Fudenberg, Drew},
  journal={Nature},
  volume={428},
  number={6983},
  pages={646--650},
  year={2004},
  publisher={Nature Publishing Group}
}

@article{taylor2004evolutionary,
  title={Evolutionary game dynamics in finite populations},
  author={Taylor, Christine and Fudenberg, Drew and Sasaki, Akira and Nowak, Martin A},
  journal={Bulletin of mathematical biology},
  volume={66},
  number={6},
  pages={1621--1644},
  year={2004},
  publisher={Springer}
}
@article{imhof2005evolutionary,
  title={Evolutionary cycles of cooperation and defection},
  author={Imhof, Lorens A and Fudenberg, Drew and Nowak, Martin A},
  journal={Proceedings of the National Academy of Sciences},
  volume={102},
  number={31},
  pages={10797--10800},
  year={2005},
  publisher={National Acad Sciences}
}

@article{imhof2006evolutionary,
  title={Evolutionary game dynamics in a Wright-Fisher process},
  author={Imhof, Lorens A and Nowak, Martin A},
  journal={Journal of mathematical biology},
  volume={52},
  number={5},
  pages={667--681},
  year={2006},
  publisher={Springer}
}

@article{traulsen2007pairwise,
  title={Pairwise comparison and selection temperature in evolutionary game dynamics},
  author={Traulsen, Arne and Pacheco, Jorge M and Nowak, Martin A},
  journal={Journal of theoretical biology},
  volume={246},
  number={3},
  pages={522--529},
  year={2007},
  publisher={Elsevier}
}

@article{Nowak1992tit,
  title={Tit for tat in heterogeneous populations},
  author={Nowak, Martin A and Sigmund, Karl},
  journal={Nature},
  volume={355},
  number={6357},
  pages={250--253},
  year={1992},
  publisher={Nature Publishing Group}
}

@article{Baek2016,
  title={Comparing reactive and memory-one strategies of direct reciprocity},
  author={Baek, Seung Ki and Jeong, Hyeong-Chai and Hilbe, Christian and Nowak, Martin A},
  journal={Scientific reports},
  volume={6},
  number={1},
  pages={1--13},
  year={2016},
  publisher={Nature Publishing Group}
}

@article{Wu2015,
  title={Fitness-based models and pairwise comparison models of evolutionary games are typically different—even in unstructured populations},
  author={Wu, Bin and Bauer, Benedikt and Galla, Tobias and Traulsen, Arne},
  journal={New Journal of Physics},
  volume={17},
  number={2},
  pages={023043},
  year={2015},
  publisher={IOP Publishing}
}

@article{Licht1999,
  title={Games commissions play: 2x2 games of international securities regulation},
  author={Licht, Amir N},
  journal={Yale J. Int'l L.},
  volume={24},
  pages={61},
  year={1999},
  publisher={HeinOnline}
}

% Longer memory in evolutionary dyanmics
@article{Hauert1997,
  title={Effects of increasing the number of players and memory size in the iterated Prisoner's Dilemma: a numerical approach},
  author={Hauert, Ch and Schuster, Heinz Georg},
  journal={Proceedings of the Royal Society of London. Series B: Biological Sciences},
  volume={264},
  number={1381},
  pages={513--519},
  year={1997},
  publisher={The Royal Society}
}

@article{Stewart2016,
  title={Small groups and long memories promote cooperation},
  author={Stewart, Alexander J and Plotkin, Joshua B},
  journal={Scientific reports},
  volume={6},
  number={1},
  pages={1--11},
  year={2016},
  publisher={Nature Publishing Group}
}

@article{Martinez2012,
  title={Generosity pays in the presence of direct reciprocity: A comprehensive study of 2$\times$ 2 repeated games},
  author={Martinez-Vaquero, Luis A and Cuesta, Jose A and Sanchez, Angel},
  journal={PLoS One},
  volume={7},
  number={4},
  pages={e35135},
  year={2012},
  publisher={Public Library of Science San Francisco, USA}
}

@article{Roca2009,
  title={Evolutionary game theory: Temporal and spatial effects beyond replicator dynamics},
  author={Roca, Carlos P and Cuesta, Jos{\'e} A and S{\'a}nchez, Angel},
  journal={Physics of life reviews},
  volume={6},
  number={4},
  pages={208--249},
  year={2009},
  publisher={Elsevier}
}

% Expected payoffs
@book{Nowak2006,
  title={Evolutionary dynamics: exploring the equations of life},
  author={Nowak, Martin A},
  year={2006},
  publisher={Harvard university press}
}

@article{Hilbe2013,
  title={Evolution of extortion in iterated prisoner’s dilemma games},
  author={Hilbe, Christian and Nowak, Martin A and Sigmund, Karl},
  journal={Proceedings of the National Academy of Sciences},
  volume={110},
  number={17},
  pages={6913--6918},
  year={2013},
  publisher={National Acad Sciences}
}

@article{Hilbe2018,
  title={Partners and rivals in direct reciprocity},
  author={Hilbe, Christian and Chatterjee, Krishnendu and Nowak, Martin A},
  journal={Nature human behaviour},
  volume={2},
  number={7},
  pages={469--477},
  year={2018},
  publisher={Nature Publishing Group}
}

@article{garcia2018no,
  title={No strategy can win in the repeated prisoner's dilemma: linking game theory and computer simulations},
  author={Garcia, Julian and van Veelen, Matthijs},
  journal={Frontiers in Robotics and AI},
  volume={5},
  pages={102},
  year={2018},
  publisher={Frontiers}
}

@article{Reiter2018,
  title={Crosstalk in concurrent repeated games impedes direct reciprocity and requires stronger levels of forgiveness},
  author={Reiter, Johannes G and Hilbe, Christian and Rand, David G and Chatterjee, Krishnendu and Nowak, Martin A},
  journal={Nature communications},
  volume={9},
  number={1},
  pages={1--8},
  year={2018},
  publisher={Nature Publishing Group}
}

% Pairwise comparison
@article{Traulsen2006,
  title={Stochastic dynamics of invasion and fixation},
  author={Traulsen, Arne and Nowak, Martin A and Pacheco, Jorge M},
  journal={Physical Review E},
  volume={74},
  number={1},
  pages={011909},
  year={2006},
  publisher={APS}
}

%%%% Biology Applications%%%
@article{milinski1987tit,
  title={Tit for tat in sticklebacks and the evolution of cooperation},
  author={Milinski, Manfred},
  journal={nature},
  volume={325},
  number={6103},
  pages={433--435},
  year={1987},
  publisher={Nature Publishing Group}
}

@article{kerr2002local,
  title={Local dispersal promotes biodiversity in a real-life game of rock--paper--scissors},
  author={Kerr, Benjamin and Riley, Margaret A and Feldman, Marcus W and Bohannan, Brendan JM},
  journal={Nature},
  volume={418},
  number={6894},
  pages={171--174},
  year={2002},
  publisher={Nature Publishing Group}
}

@article{carter2020development,
  title={Development of new food-sharing relationships in vampire bats},
  author={Carter, Gerald G and Farine, Damien R and Crisp, Rachel J and Vrtilek, Julia K and Ripperger, Simon P and Page, Rachel A},
  journal={Current Biology},
  volume={30},
  number={7},
  pages={1275--1279},
  year={2020},
  publisher={Elsevier}
}

@article{roca:PhysicalReview:2006,
  title={Time scales in evolutionary dynamics},
  author={Roca, Carlos P and Cuesta, Jos{\'e} A and S{\'a}nchez, Angel},
  journal={Physical review letters},
  volume={97},
  number={15},
  pages={158701},
  year={2006},
  publisher={APS}
}

@article{sanchez:JTB:2005,
  title={Altruism may arise from individual selection},
  author={S{\'a}nchez, Angel and Cuesta, Jos{\'e} A},
  journal={Journal of theoretical biology},
  volume={235},
  number={2},
  pages={233--240},
  year={2005},
  publisher={Elsevier}
}

@article{Traulsen:JTB:2007,
  title={Stochastic payoff evaluation increases the temperature of selection},
  author={Traulsen, Arne and Nowak, Martin A and Pacheco, Jorge M},
  journal={Journal of theoretical biology},
  volume={244},
  number={2},
  pages={349--356},
  year={2007},
  publisher={Elsevier}
}

@article{Woelfing:JTB:2009,
  title={Stochastic sampling of interaction partners versus deterministic payoff assignment},
  author={Woelfing, Benno and Traulsen, Arne},
  journal={Journal of Theoretical Biology},
  volume={257},
  number={4},
  pages={689--695},
  year={2009},
  publisher={Elsevier}
}

% Replicator Dynamics
@article{hofbauer:JTB:1979,
  title={A note on evolutionary stable strategies and game dynamics},
  author={Hofbauer, Josef and Schuster, Peter and Sigmund, Karl},
  journal={Journal of Theoretical Biology},
  volume={81},
  number={3},
  pages={609--612},
  year={1979}
}

@article{taylor:MATHBIO:1978,
  title={Evolutionary stable strategies and game dynamics},
  author={Taylor, Peter D and Jonker, Leo B},
  journal={Mathematical biosciences},
  volume={40},
  number={1-2},
  pages={145--156},
  year={1978},
  publisher={Elsevier}
}

% modifications
@article{nowak:Nature:1992,
  title={Evolutionary games and spatial chaos},
  author={Nowak, Martin A and May, Robert M},
  journal={Nature},
  volume={359},
  number={6398},
  pages={826--829},
  year={1992},
  publisher={Nature Publishing Group UK London}
}

@article{fudenberg:JET:1992,
  title={Evolutionary dynamics with aggregate shocks},
  author={Fudenberg, Drew and Harris, Christopher},
  journal={Journal of Economic Theory},
  volume={57},
  number={2},
  pages={420--441},
  year={1992},
  publisher={Elsevier}
}

% Finite Population processes being used

@article{hilbe:PNAS:2013,
  title={Evolution of extortion in iterated prisoner’s dilemma games},
  author={Hilbe, Christian and Nowak, Martin A and Sigmund, Karl},
  journal={Proceedings of the National Academy of Sciences},
  volume={110},
  number={17},
  pages={6913--6918},
  year={2013},
  publisher={National Acad Sciences}
}

@article{hilbe:Nature:2018,
  title={Evolution of cooperation in stochastic games},
  author={Hilbe, Christian and {\v{S}}imsa, {\v{S}}t{\v{e}}p{\'a}n and Chatterjee, Krishnendu and Nowak, Martin A},
  journal={Nature},
  volume={559},
  number={7713},
  pages={246--249},
  year={2018},
  publisher={Nature Publishing Group UK London}
}

@article{glynatsi:SCR:2020,
  title={Using a theory of mind to find best responses to memory-one strategies},
  author={Glynatsi, Nikoleta E and Knight, Vincent A},
  journal={Scientific Reports},
  volume={10},
  number={1},
  pages={17287},
  year={2020},
  publisher={Nature Publishing Group UK London}
}

@article{nowak:APC:1989,
  title={Game-dynamical aspects of the prisoner's dilemma},
  author={Nowak, Martin and Sigmund, Karl},
  journal={Applied Mathematics and Computation},
  volume={30},
  number={3},
  pages={191--213},
  year={1989},
  publisher={Elsevier}
}

@article{Traulsen:PhilTrans:2022,
  title={The future of theoretical evolutionary game theory},
  author={Traulsen, Arne and Glynatsi, Nikoleta E.},
  journal={Philosophical Transactions B},
  year={2022},
}

@article{nowak:Science:2006,
  title={Five rules for the evolution of cooperation},
  author={Nowak, Martin A},
  journal={science},
  volume={314},
  number={5805},
  pages={1560--1563},
  year={2006},
  publisher={American Association for the Advancement of Science}
}

@article{murase:ScientificReports:2020,
  title={Five rules for friendly rivalry in direct reciprocity},
  author={Murase, Yohsuke and Baek, Seung Ki},
  journal={Scientific reports},
  volume={10},
  number={1},
  pages={16904},
  year={2020},
  publisher={Nature Publishing Group UK London}
}